@article{brown1981real,
  title={Real-time dispatch of petroleum tank trucks},
  author={Brown, G. G. and Graves, G. W.},
  journal={Management Science},
  volume={27},
  number={1},
  pages={19--32},
  year={1981},
  publisher={INFORMS}
}

@article{raff1983routing,
  title={Routing and scheduling of vehicles and crews: The state of the art},
  author={Raff, S.},
  journal={Computers \& Operations Research},
  volume={10},
  number={2},
  pages={63--211},
  year={1983},
  publisher={Elsevier}
}

@article{ronen1988perspectives,
  title={Perspectives on practical aspects of truck routing and scheduling},
  author={Ronen, D.},
  journal={European Journal of Operational Research},
  volume={35},
  number={2},
  pages={137--145},
  year={1988},
  publisher={Elsevier}
}

@article{powell2002implementing,
  title={Implementing real-time optimization models: A case application from the motor carrier industry},
  author={Powell, W. B. and Marar, A. and Gelfand, J. and Bowers, S.},
  journal={Operations Research},
  volume={50},
  number={4},
  pages={571--581},
  year={2002},
  publisher={INFORMS}
}

@article{liao2004tabu,
  title={Tabu search algorithm for dynamic vehicle routing problems under real-time information},
  author={Liao, T.-Y.},
  journal={Transportation Research Record},
  volume={1882},
  number={1},
  pages={140--149},
  year={2004},
  publisher={SAGE Publications Sage CA: Los Angeles, CA}
}

@article{gendreau1999parallel,
  title={Parallel tabu search for real-time vehicle routing and dispatching},
  author={Gendreau, M. and Guertin, F. and Potvin, J.-Y. and Taillard, E.},
  journal={Transportation Science},
  volume={33},
  number={4},
  pages={381--390},
  year={1999},
  publisher={INFORMS}
}

@article{cornillier2009petrol,
  title={The petrol station replenishment problem with time windows},
  author={Cornillier, F. and Laporte, G. and Boctor, F. F. and Renaud, J.},
  journal={Computers \& Operations Research},
  volume={36},
  number={3},
  pages={919--935},
  year={2009},
  publisher={Elsevier}
}

@article{chu2005heuristic,
  title={A heuristic algorithm for the truckload and less-than-truckload problem},
  author={Chu, C.-W.},
  journal={European Journal of Operational Research},
  volume={165},
  number={3},
  pages={657--667},
  year={2005},
  publisher={Elsevier}
}
@article{boctor2011trip,
  title={Trip packing in petrol stations replenishment},
  author={Boctor, F. F and Renaud, J. and Cornillier, F.},
  journal={Omega},
  volume={39},
  number={1},
  pages={86--98},
  year={2011},
  publisher={Elsevier}
}



@book{Toth2014,
  title={Vehicle Routing},
  editor={Toth, P. and Vigo, D.},
  publisher = {MOS-SIAM Series on Optimization},
  series = {Monographs on Discrete Mathematics and Applications},
  address = {Philadelphia},
  year={2014}}

@article{Escudero1988,
  title="An inexact algorithm for the sequential ordering problem",
  author="Escudero, L. F.",
  journal="European Journal of Operational Research",
  volume="37",
  number="2",
  pages="236--249",
  year="1988"}

@article{escudero1994lagrangian,
  title={A Lagrangian relax-and-cut approach for the sequential ordering problem with precedence relationships},
  author={L.F. Escudero and M. Guignard and K. Malik},
  journal={Annals of Operations Research},
  volume={50},
  number={1},
  pages={219--237},
  year={1994},
  publisher={Springer}
}


@article{dumitrescu2010traveling,
  title={The traveling salesman problem with pickup and delivery: polyhedral results and a branch-and-cut algorithm},
  author={I. Dumitrescu and S. Ropke and J.F. Cordeau and G. Laporte},
  journal={Mathematical Programming},
  volume={121},
  number={2},
  pages={269},
  year={2010},
  publisher={Springer}
}

@article{gouveia2006extended,
  title={On extended formulations for the precedence constrained asymmetric traveling salesman problem},
  author={L. Gouveia and P. Pesneau},
  journal={Networks: An International Journal},
  volume={48},
  number={2},
  pages={77--89},
  year={2006},
  publisher={Wiley Online Library}
}

@article{hernandez2009multi,
  title={The multi-commodity one-to-one pickup-and-delivery traveling salesman problem},
  author={H. Hern{\'a}ndez-P{\'e}rez and J-J. Salazar-Gonz{\'a}lez},
  journal={European Journal of Operational Research},
  volume={196},
  number={3},
  pages={987--995},
  year={2009},
  publisher={Elsevier}
}

@article{montemanni2013decomposition,
  title={A decomposition-based exact approach for the sequential ordering problem},
  author={R. Montemanni and M. Mojana and G. Di Caro and L.M. Gambardella and P. Luangpaiboon},
  journal={Journal of Applied Operational Research},
  volume={5},
  number={1},
  pages={2--13},
  year={2013}
}

@article{fiala1992precedence,
  title={Precedence constrained routing and helicopter scheduling: heuristic design},
  author={M.T. Fiala Timlin and W.R. Pulleyblank},
  journal={Interfaces},
  volume={22},
  number={3},
  pages={100--111},
  year={1992},
  publisher={INFORMS}
}

@article{letchford2015stronger,
  title={Stronger multi-commodity flow formulations of the capacitated vehicle routing problem},
  author={A.N. Letchford and J.J. Salazar-Gonz{\'a}lez},
  journal={European Journal of Operational Research},
  volume={244},
  number={3},
  pages={730--738},
  year={2015},
  publisher={Elsevier}
}

@article{escudero1999n3,
  title={AO (n3) Algorithm for Finding a Feasible Solution for the Sequential Ordering Problem},
  author={L.F. Escudero and A. Sciomachen},
  journal={Journal of Combinatorics, Information and System Sciences},
  volume={24},
  pages={1--23},
  year={1999}
}

@article{escudero1993local,
  title={Local search procedures for improving feasible solutions to the sequential ordering problem},
  author={L.F. Escudero and A. Sciomachen},
  journal={Annals of Operations Research},
  volume={43},
  number={7},
  pages={397--416},
  year={1993},
  publisher={Springer}
}

@article{ascheuer1996hamiltonian,
  title={Hamiltonian path problems in the on-line optimization of flexible manufacturing systems},
  author={N. Ascheuer},
  year={1996}
}

@article{baldacci2008exact,
  title={An exact algorithm for the vehicle routing problem based on the set partitioning formulation with additional cuts},
  author={R. Baldacci and N. Christofides and A. Mingozzi},
  journal={Mathematical Programming},
  volume={115},
  number={2},
  pages={351--385},
  year={2008},
  publisher={Springer}
}

@article{reinelt1991tsplib,
  title={TSPLIBâ€”A traveling salesman problem library},
  author={G. Reinelt},
  journal={ORSA journal on computing},
  volume={3},
  number={4},
  pages={376--384},
  year={1991},
  publisher={INFORMS}
}

@article{escudero1988inexact,
  title={An inexact algorithm for the sequential ordering problem},
  author={L.F. Escudero},
  journal={European Journal of Operational Research},
  volume={37},
  number={2},
  pages={236--249},
  year={1988},
  publisher={Elsevier}
}

@article{escudero1988improving,
  title={On improving a solution to the ATSP with fixed origin and precedence relationships},
  author={L.F. Escudero},
  journal={Trabajos de investigaci{\'o}n operativa},
  volume={3},
  number={1},
  pages={117},
  year={1988},
  publisher={Springer}
}

@article{Escudero1993,
  title="Local search procedures for improving feasible solutions to the sequential ordering problem",
  author="Escudero, L. F. and Sciomachen, A.",
  journal="Annals of Operations Research",
  volume="43",
  number="7",
  pages="397--416",
  year="1993"}

@article{Hernandez2009,
  title="The multi-commodity one-to-one pickup-and-delivery traveling salesman problem",
  author="Hern\'andez-P\'erez, H. and Salazar-Gonz\'alez, J.-J.",
  journal="European Journal of Operational Research",
  volume="196",
  number="3",
  pages="987--995",
  year="2009"}

@article{Guerriero_2002,
  title="A cooperative parallel rollout algorithm for the sequential ordering problem",
  author="Guerriero, F. and Mancini, M.",
  journal="Parallel Computing",
  volume="29",
  number="5",
  pages="663--677",
  year="2003"}

@article{Alonso_2003,
  title="On dual based lower bounds for the sequential ordering problem with precedences and due dates",
  author="Alonso-Ayuso, A. and Detti, P. and Escudero, L. F. and Ortu\~no, M. T.",
  journal="Annals of Operations Research",
  volume="124",
  number="1-4",
  pages="111--131",
  year="2003"}

@inproceedings{Ezzat_2014,
  title="An extended {E}igen{A}nt colony system applied to the sequential ordering problem",
  author="Ezzat, A. and Abdelbar, A. M. and Wunsch, D. C.",
  booktitle="2014 IEEE Symposium on Swarm Intelligence",
  pages="1--7",
  year="2014",
  address={Orlando, US}
}

@article{Ascheuer_2000,
  title="A branch \& cut algorithm for the asymmetric traveling salesman problem with precedence constraints",
  author="Ascheuer, N. and J{\"u}nger, M. and Reinelt, G.",
  journal="Computational Optimization and Applications",
  volume="17",
  number="1",
  pages="61--84",
  year="2000"}

@article{ascheuer1993cutting,
  title={A cutting plane approach to the sequential ordering problem (with applications to job scheduling in manufacturing)},
  author={N. Ascheuer and L.F. Escudero and M. Gr{\"o}tschel and M. Stoer},
  journal={SIAM Journal on Optimization},
  volume={3},
  number={1},
  pages={25--42},
  year={1993},
  publisher={SIAM}
}

@article{alonso2003dual,
  title={On dual based lower bounds for the sequential ordering problem with precedences and due dates},
  author={A. Alonso-Ayuso and P. Detti and L.F. Escudero and M.T. Ortu{\~n}o},
  journal={Annals of operations Research},
  volume={124},
  number={1-4},
  pages={111--131},
  year={2003},
  publisher={Springer}
}


@inproceedings{ascheuer1990identifying,
  title={On identifying in polynomial time violated subtour elimination and precedence forcing constraints for the sequential ordering problem},
  author={N. Ascheuer and L.F. Escudero and M. Gr{\"o}tschel and M. Stoer},
  booktitle={IPCO},
  pages={19--28},
  year={1990}
}

@article{Savelsbergh_1990,
  title="An efficient implementation of local search algorithms for constrained routing problems",
  author="Savelsbergh, M. W. P.",
  journal="European Journal of Operational Research",
  volume="47",
  number="1",
  pages="75--85",
  year="1990"}

@article{Pulleyblank_1991,
  title="Precedence constrained routing and helicopter scheduling: heuristic design",
  author="Fiala Timlin, M. T. and Pulleyblank, W. R.",
  journal="Interfaces",
  volume="22",
  number="3",
  pages="100--111",
  year="1992"}

@article{Hernandez_2009,
  title="The multi-commodity one-to-one pickup-and-delivery traveling salesman problem",
  author="Hern\'andez-P\'erez, H. and Salazar-Gonz\'alez, J.-J.",
  journal="European Journal of Operational Research",
  volume="196",
  number="3",
  pages="987--995",
  year="2009"}

@article{balas1995precedence,
  title={The precedence-constrained asymmetric traveling salesman polytope},
  author={E. Balas and M. Fischetti and W.R. Pulleyblank},
  journal={Mathematical Programming},
  volume={68},
  number={1-3},
  pages={241--265},
  year={1995},
  publisher={Springer}
}

@article{ascheuer2000branch,
  title={A branch \& cut algorithm for the asymmetric traveling salesman problem with precedence constraints},
  author={N. Ascheuer and M. J{\"u}nger and G. Reinelt},
  journal={Computational Optimization and Applications},
  volume={17},
  number={1},
  pages={61--84},
  year={2000},
  publisher={Springer}
}

@article{Gouveia2015,
  title="Load-dependent and precedence-based models for pickup and delivery problems",
  author="Gouveia, L. and Ruthmair, M.",
  journal="Computers \& Operations Research",
  volume="63",
  pages="56--71",
  year="2015"}

@article{Balas_1995,
  title="The precedence-constrained asymmetric traveling salesman polytope",
  author="Balas, E. and Fischetti, M. and Pulleyblank, W. R.",
  journal="Mathematical Programming",
  volume="68",
  number="1-3",
  pages="241--265",
  year="1995"}

@article{nanry2000solving,
  title={Solving the pickup and delivery problem with time windows using reactive tabu search},
  author={W.P. Nanry and J.W. Barnes},
  journal={Transportation Research Part B: Methodological},
  volume={34},
  number={2},
  pages={107--121},
  year={2000},
  publisher={Elsevier}
}

@article{prins2004simple,
  title={A simple and effective evolutionary algorithm for the vehicle routing problem},
  author={C. Prins},
  journal={Computers \& Operations Research},
  volume={31},
  number={12},
  pages={1985--2002},
  year={2004},
  publisher={Elsevier}
}

@book{solomon1988vehicle,
  title={Vehicle routing and scheduling problems with time window constraints: efficient implementations of solution improvement procedures},
  author={M.M. Solomon and E.K. Baker and J.R. Schaffer },
  journal={Studies in management science and systems},
  volume={16},
  year={1988},
  publisher={Dalctraf}
}

@incollection{Desaulniers_2002,
 author = "Desaulniers, G. and Desrosiers, J. and Erdmann, A. and Solomon, M. M. and Soumis, F.",
 title = "{VRP} with Pickup and Delivery",
 booktitle = "The Vehicle Routing Problem",
 editor = "Toth, P. and Vigo, D.",
 year = "2001",
 pages = "225--242",
 numpages = "18",
 publisher = "Society for Industrial and Applied Mathematics",
 address = "Philadelphia, PA, USA"}

@inproceedings{Seo_2003,
  title="A hybrid genetic algorithm based on complete graph representation for the sequential ordering problem",
  author="Seo, D.-I. and Moon, B.-R.",
  booktitle="Genetic and Evolutionary Computation Conference",
  pages="669--680",
  year="2003"}

@article{Letchford_2016,
  title="Stronger multi-commodity flow formulations of the (capacitated) sequential ordering problem",
  author="Letchford, A. N. and Salazar-Gonz\'alez, J.-J.",
  journal="European Journal of Operational Research",
  volume="251",
  number="1",
  pages="74--84",
  year="2016"}

@inproceedings{Shaw_1998,
  title="Using constraint programming and local search methods to solve vehicle routing problems",
  author="Shaw, P.",
  booktitle="International Conference on Principles and Practice of Constraint Programming",
  pages="417--431",
  year="1998"}

@article{Ropke_ALNS_2006,
  title="An adaptive large neighborhood search heuristic for the pickup and delivery problem with time windows",
  author="Ropke, S. and Pisinger, D.",
  journal="Transportation Science",
  volume="40",
  number="4",
  pages="455--472",
  year="2006"}

@article{Pisinger_2007,
  title="A general heuristic for vehicle routing problems",
  author="Pisinger, D. and Ropke, S.",
  journal="Computers \& Operations Research",
  volume="34",
  number="8",
  pages="2403--2435",
  year="2007"}

@article{Grangier_2016,
  title="An adaptive large neighborhood search for the two-echelon multiple-trip vehicle routing problem with satellite synchronization",
  author="Grangier, P. and Gendreau, M. and Lehu\'ed\'e, F. and Rousseau, L.-M.",
  journal="European Journal of Operational Research",
  volume="254",
  number="1",
  pages="80--91",
  year="2016"}

@article{Hemmelmayr_2016,
  title="An adaptive large neighborhood search heuristic for two-echelon vehicle routing problems arising in city logistics",
  author="Hemmelmayr, V. C. and Cordeau, J.F. and Crainic, T. G.",
  journal="Computers \& Operations Research",
  volume="39",
  number="12",
  pages="3215--3228",
  year="2012"}

@article{Luo_2016,
  title="Adaptive large neighborhood search heuristics for the vehicle routing problem with stochastic demands and weight-related cost",
  author="Luo, Z. and Qin, H. and Zhang, D. and Lim, A.",
  journal="Transportation Research Part E: Logistics and Transportation Review",
  volume="85",
  pages="69--89",
  year="2016"}

@article{Lee_2016,
  title="Integrated inventory-transportation model by synchronizing delivery and production cycles",
  author="Lee, Y. C. E. and Chan, C. K. and Langevin, A. and Lee, H. W. J.",
  journal="Transportation Research Part E: Logistics and Transportation Review",
  volume="91",
  pages="68--89",
  year="2016"}

@article{Mancini_2016,
  title="A real-life multi depot multi period vehicle routing problem with a heterogeneous fleet: Formulation and adaptive large neighborhood search based matheuristic",
  author="Mancini, S.",
  journal="Transportation Research Part C: Emerging Technologies",
  volume="70",
  pages="100--112",
  year="2016"}

  @article{Laporte2009,
  Author = "Laporte, G.",
Journal = "Transportation Science",
Number = "4",
Pages = "408--416",
Title = "Fifty Years of Vehicle Routing.",
Volume = "43",
Year = "2009",
}

@article{Cordeau2012,
title = "A parallel iterated tabu search heuristic for vehicle routing problems ",
journal = "Computers \& Operations Research ",
volume = "39",
number = "9",
pages = "2033--2050",
year = "2012",
author = "J.F. Cordeau and M. Maischberger",
}

@article{desaulniers2010,
  title="Branch-and-price-and-cut for the split-delivery vehicle routing problem with time windows",
  author="Desaulniers, G.",
  journal="Operations Research",
  volume="58",
  number="1",
  pages="179--192",
  year="2010",
  publisher="INFORMS"
}

@article{lahyani2015,
  title="Rich vehicle routing problems: From a taxonomy to a definition",
  author="Lahyani, R. and Khemakhem, M. and Semet, F.",
  journal="European Journal of Operational Research",
  volume="241",
  number="1",
  pages="1--14",
  year="2015",
  publisher="Elsevier"
}

@article{clarke1964,
  title="Scheduling of vehicles from a central depot to a number of delivery points",
  author="Clarke, G. and Wright, J. W.",
  journal="Operations Research",
  volume="12",
  number="4",
  pages="568--581",
  year="1964",
  publisher="INFORMS"
}

@article{semet1993,
  title="Solving real-life vehicle routing problems efficiently using tabu search",
  author="Semet, F. and Taillard, E.",
  journal="Annals of Operations Research",
  volume="41",
  number="4",
  pages="469--488",
  year="1993",
  publisher="Springer"
}

@article{savelsbergh1998drive,
  title={Drive: Dynamic routing of independent vehicles},
  author={M. Savelsbergh and M. Sol},
  journal={Operations Research},
  volume={46},
  number={4},
  pages={474--490},
  year={1998},
  publisher={INFORMS}
}

@article{lysgaard2006reachability,
  title={Reachability cuts for the vehicle routing problem with time windows},
  author={J. Lysgaard},
  journal={European Journal of Operational Research},
  volume={175},
  number={1},
  pages={210--223},
  year={2006},
  publisher={Elsevier}
}

@article{lysgaard2004new,
  title={A new branch-and-cut algorithm for the capacitated vehicle routing problem},
  author={Lysgaard, J. and Letchford, A. and Eglese, R.},
  journal={Mathematical Programming},
  volume={100},
  number={2},
  pages={423--445},
  year={2004},
  publisher={Springer}
}

@article{lysgaard2003cvrpsep,
  title={CVRPSEP: A package of separation routines for the capacitated vehicle routing problem},
  author={Lysgaard, J.},
  year={2003}
}

@article{Coelho2016,
  title={Road-based goods transportation: a survey of real-world logistics applications from 2000 to 2015},
  author={Coelho, L.C. and Renaud, J. and Laporte, G.},
  journal={INFOR: Information Systems and Operational Research},
  volume={54},
  number={2},
  pages={79--96},
  year={2016}}

@article{mckinseySupplyChain,
  title={Excellence in supply chain management},
  author={C. Glatzel and J. RÃ¶hren },
  journal={Mckinsey \& Company},
  year={2014}}

@article{Li2001,
   title={A metaheuristic for the pickup and delivery problem with time windows},
   author={Li, H. and Lim, A.},
   journal={International Journal of Artificial Intelligence Tools},
   volume={12},
   number={2},
   pages={160--170},
   year={2001}}

@article{subramanian2010parallel,
  title={A parallel heuristic for the vehicle routing problem with simultaneous pickup and delivery},
  author={A. Subramanian and L-M.A. Drummond and C. Bentes and L.S. Ochi and R. Farias},
  journal={Computers \& Operations Research},
  volume={37},
  number={11},
  pages={1899--1911},
  year={2010},
  publisher={Elsevier}
}

@article{zachariadis2016vehicle,
  title={The vehicle routing problem with simultaneous pick-ups and deliveries and two-dimensional loading constraints},
  author={E.E. Zachariadis and C.D. Tarantilis and C.T. Kiranoudis},
  journal={European Journal of Operational Research},
  volume={251},
  number={2},
  pages={369--386},
  year={2016},
  publisher={Elsevier}
}

@article{Christo1979vrp,
  title={The vehicle routing problem},
  author={N. Christofides and A. Mingozzi and P. Toth},
  journal={Combinatorial optimization},
  pages={38--315},
  year={1979},
}

@article{min1989multiple,
  title={The multiple vehicle routing problem with simultaneous delivery and pick-up points},
  author={H. Min},
  journal={Transportation Research Part A: General},
  volume={23},
  number={5},
  pages={377--386},
  year={1989},
  publisher={Elsevier}
}

@article{dethloff2001vehicle,
  title={Vehicle routing and reverse logistics: the vehicle routing problem with simultaneous delivery and pick-up},
  author={J. Dethloff},
  journal={OR-Spektrum},
  volume={23},
  number={1},
  pages={79--96},
  year={2001},
  publisher={Springer}
}

@article{salhi1999cluster,
  title={A cluster insertion heuristic for single and multiple depot vehicle routing problems with backhauling},
  author={S. Salhi and G. Nagy},
  journal={Journal of the operational Research Society},
  volume={50},
  number={10},
  pages={1034--1042},
  year={1999},
  publisher={Springer}
}

@article{nagy2005heuristic,
  title={Heuristic algorithms for single and multiple depot vehicle routing problems with pickups and deliveries},
  author={G. Nagy and S. Salhi},
  journal={European journal of operational research},
  volume={162},
  number={1},
  pages={126--141},
  year={2005},
  publisher={Elsevier}
}

@article{goksal2013hybrid,
  title={A hybrid discrete particle swarm optimization for vehicle routing problem with simultaneous pickup and delivery},
  author={F.P. Goksal and I. Karaoglan and F. Altiparmak},
  journal={Computers \& Industrial Engineering},
  volume={65},
  number={1},
  pages={39--53},
  year={2013},
  publisher={Elsevier}
}

@article{haddad2018large,
  title={Large Neighborhood-Based Metaheuristic and Branch-and-Price for the Pickup and Delivery Problem with Split Loads},
  author={M.N. Haddad and R. Martinelli and T. Vidal and S. Martins and L.S. Ochi and Souza, J.F. Marcone and R. Hartl},
  journal={European Journal of Operational Research},
  year={2018},
  publisher={Elsevier}
}

@article{grimault2017adaptive,
  title={An adaptive large neighborhood search for the full truckload pickup and delivery problem with resource synchronization},
  author={A. Grimault and N. Bostel and F. Lehu{\'e}d{\'e}},
  journal={Computers \& Operations Research},
  volume={88},
  pages={1--14},
  year={2017},
  publisher={Elsevier}
}

@article{subramanian2008efficient,
  title={An efficient ILS heuristic for the vehicle routing problem with simultaneous pickup and delivery},
  author={A. Subramanian and L. Cabral and L.S. Ochi},
  journal={Relat{\'o}rio T{\'e}cnico, Universidade Federal Fluminense, dispon{\'\i}vel em http://www. ic. uff. br/\~{} satoru/index. php},
  year={2008}
}

@article{dell2006branch,
  title={A branch-and-price approach to the vehicle routing problem with simultaneous distribution and collection},
  author={M. Dellâ€™Amico and G. Righini and M. Salani},
  journal={Transportation science},
  volume={40},
  number={2},
  pages={235--247},
  year={2006},
  publisher={INFORMS}
}

@article{montane2006tabu,
  title={A tabu search algorithm for the vehicle routing problem with simultaneous pick-up and delivery service},
  author={F.A. Tang and R.D. Galvao},
  journal={Computers \& Operations Research},
  volume={33},
  number={3},
  pages={595--619},
  year={2006},
  publisher={Elsevier}
}

@article{ropke2006unified,
  title={A unified heuristic for a large class of vehicle routing problems with backhauls},
  author={S. Ropke and D. Pisinger},
  journal={European Journal of Operational Research},
  volume={171},
  number={3},
  pages={750--775},
  year={2006},
  publisher={Elsevier}
}

@article{gajpal2009ant,
  title={An ant colony system (ACS) for vehicle routing problem with simultaneous delivery and pickup},
  author={Y. Gajpal and P. Abad},
  journal={Computers \& Operations Research},
  volume={36},
  number={12},
  pages={3215--3223},
  year={2009},
  publisher={Elsevier}
}

@article{wassan2008reactive,
  title={A reactive tabu search algorithm for the vehicle routing problem with simultaneous pickups and deliveries},
  author={N.A. Wassan and A.H. Wassan and G. Nagy},
  journal={Journal of combinatorial optimization},
  volume={15},
  number={4},
  pages={368--386},
  year={2008},
  publisher={Springer}
}

@article{ai2009particle,
  title={A particle swarm optimization for the vehicle routing problem with simultaneous pickup and delivery},
  author={T.J. Ai and V. Kachitvichyanukul},
  journal={Computers \& Operations Research},
  volume={36},
  number={5},
  pages={1693--1702},
  year={2009},
  publisher={Elsevier}
}

@article{Berbeglia2007,
  title={Static pickup and delivery problems: a classification scheme and survey},
  author={Berbeglia, G. and Cordeau, J.F. and Gribkovskaia, I. and Laporte, G.},
  journal={Top},
  volume={15},
  number={1},
  pages={1--31},
  year={2007}}
  
  @article{Subramanian2010,
  title={A parallel heuristic for the vehicle routing problem with simultaneous pickup and delivery},
  author={Subramanian, A. and Drummond, L. M. de A. and Bentes, C. and Ochi, L. S. and Farias, R.},
  journal={Computers \& Operations Research},
  volume={37},
  number={11},
  pages={1899--1911},
  year={2010}}

@article{naccache2018multi,
  title={The multi-pickup and delivery problem with time windows},
  author={Naccache, S. and C{\^o}t{\'e}, J.F. and Coelho, L.C.},
  journal={European Journal of Operational Research},
  volume={269},
  pages={253--362},
  number={1},
  year={2018},
  publisher={Elsevier}}
  
  @article{ropke2007models,
  title={Models and branch-and-cut algorithms for pickup and delivery problems with time windows},
  author={Ropke, S. and Cordeau, J.F. and Laporte, G.},
  journal={Networks},
  volume={49},
  number={4},
  pages={258--272},
  year={2007}}

@article{nowak2008pickup,
  title={Pickup and delivery with split loads},
  author={M. Nowak and {\"O}. Ergun and C.C. White III},
  journal={Transportation Science},
  volume={42},
  number={1},
  pages={32--43},
  year={2008},
  publisher={INFORMS}
}

@article{mladenovic2012general,
  title={A general variable neighborhood search for the one-commodity pickup-and-delivery travelling salesman problem},
  author={N. Mladenovi{\'c} and D. Uro{\v{s}}evi{\'c} and A. Ili{\'c} and others},
  journal={European Journal of Operational Research},
  volume={220},
  number={1},
  pages={270--285},
  year={2012},
  publisher={Elsevier}
}

@article{hernandez2004heuristics,
  title={Heuristics for the one-commodity pickup-and-delivery traveling salesman problem},
  author={H. Hern{\'a}ndez-P{\'e}rez and J-J. Salazar-Gonz{\'a}lez},
  journal={Transportation Science},
  volume={38},
  number={2},
  pages={245--255},
  year={2004},
  publisher={INFORMS}
}

@article{averbakh2010line,
  title={On-line integrated production--distribution scheduling problems with capacitated deliveries},
  author={I. Averbakh},
  journal={European Journal of Operational Research},
  volume={200},
  number={2},
  pages={377--384},
  year={2010},
  publisher={Elsevier}
}
  
@article{csahin2013efficient,
  title={An efficient heuristic for the multi-vehicle one-to-one pickup and delivery problem with split loads},
  author={M. {\c{S}}ahin and G. {\c{C}}avu{\c{s}}lar and T. {\"O}ncan and G. {\c{S}}ahin and D.T. Aksu},
  journal={Transportation Research Part C: Emerging Technologies},
  volume={27},
  pages={169--188},
  year={2013},
  publisher={Elsevier}
}



  @article{ropke2009branch,
  title={Branch and cut and price for the pickup and delivery problem with time windows},
  author={Ropke, S. and Cordeau, J.F.},
  journal={Transportation Science},
  volume={43},
  number={3},
  pages={267--286},
  year={2009}}
  
  @article{baldacci2011exact,
  title={An exact algorithm for the pickup and delivery problem with time windows},
  author={Baldacci, R. and Bartolini, E. and Mingozzi, A.},
  journal={Operations Research},
  volume={59},
  number={2},
  pages={414--426},
  year={2011}}
  
  @article{muller2012hybrid,
  title={A hybrid adaptive large neighborhood search heuristic for lot-sizing with setup times},
  author={Muller, L. F. and Spoorendonk, S. and Pisinger, D.},
  journal={European Journal of Operational Research},
  volume={218},
  number={3},
  pages={614--623},
  year={2012}}
  
  @article{bortfeldt2015hybrid,
  title={Hybrid algorithms for the vehicle routing problem with clustered backhauls and 3D loading constraints},
  author={Bortfeldt, A. and Hahn, T. and M{\"a}nnel, D. and M{\"o}nch, L.},
  journal={European Journal of Operational Research},
  volume={243},
  number={1},
  pages={82--96},
  year={2015}}
  
@article{pereira2015hybrid,
  title={A hybrid method for the probabilistic maximal covering location-allocation problem},
  author={Pereira, M. A and Coelho, L. C. and Lorena, L. A. N. and de Souza, L. C.},
  journal={Computers \& Operations Research},
  volume={57},
  pages={51--59},
  year={2015}}
  
@article{chalasani1999approximating,
  title={Approximating capacitated routing and delivery problems},
  author={P. Chalasani and R. Motwani},
  journal={SIAM Journal on Computing},
  volume={28},
  number={6},
  pages={2133--2149},
  year={1999},
  publisher={SIAM}
}

@article{bronmo2007multi,
  title={A multi-start local search heuristic for ship schedulingâ€”a computational study},
  author={G. Br{\o}nmo and M. Christiansen and K. Fagerholt and B. Nygreen},
  journal={Computers \& Operations Research},
  volume={34},
  number={3},
  pages={900--917},
  year={2007},
  publisher={Elsevier}
}

@article{mosheiov1994travelling,
  title={The travelling salesman problem with pick-up and delivery},
  author={G. Mosheiov},
  journal={European Journal of Operational Research},
  volume={79},
  number={2},
  pages={299--310},
  year={1994},
  publisher={Elsevier}
}

@article{gribkovskaia2007general,
  title={General solutions to the single vehicle routing problem with pickups and deliveries},
  author={I. Gribkovskaia and {\O}. Halskau sr and G. Laporte and M. Vl{\v{c}}ek, Martin},
  journal={European Journal of Operational Research},
  volume={180},
  number={2},
  pages={568--584},
  year={2007},
  publisher={Elsevier}
}

@article{coelho2012inventory,
  title={The inventory-routing problem with transshipment},
  author={Coelho, L. C. and Cordeau, J.F. and Laporte, G.},
  journal={Computers \& Operations Research},
  volume={39},
  number={11},
  pages={2537--2548},
  year={2012}}
 
@article{furtado2017pickup,
  title={Pickup and delivery problem with time windows: a new compact two-index formulation},
  author={M. G. Furtado and P. Munari and R. Morabito},
  journal={Operations Research Letters},
  volume={45},
  number={4},
  pages={334--341},
  year={2017},
  publisher={Elsevier}
}

@article{cordeau2010branch,
  title={A branch-and-cut algorithm for the pickup and delivery traveling salesman problem with LIFO loading},
  author={J.F.Cordeau and M.Iori and G.Laporte and G.J.Salazar},
  journal={Networks},
  volume={55},
  number={1},
  pages={46--59},
  year={2010},
  publisher={Wiley Online Library}
}
  
@article{Coelho2011,
	Author = {L. C. Coelho and J.F. Cordeau and G. Laporte},
	Journal = {Computers \& Operations Research},
	Number = {11},
	Pages = {2537-2548},
	Title = {The Inventory-Routing Problem with Transshipment},
	Volume = {39},
	Year = {2012}}

@article{psaraftis1980dynamic,
  title={A dynamic programming solution to the single vehicle many-to-many immediate request dial-a-ride problem},
  author={H.N. Psaraftis},
  journal={Transportation Science},
  volume={14},
  number={2},
  pages={130--154},
  year={1980},
  publisher={INFORMS}
}

@article{renaud1996fast,
  title={A fast composite heuristic for the symmetric traveling salesman problem},
  author={J. Renaud and F.F. Boctor and G. Laporte},
  journal={INFORMS Journal on computing},
  volume={8},
  number={2},
  pages={134--143},
  year={1996},
  publisher={INFORMS}
}

@article{psaraftis1983exact,
  title={An exact algorithm for the single vehicle many-to-many dial-a-ride problem with time windows},
  author={H.N. Psaraftis},
  journal={Transportation science},
  volume={17},
  number={3},
  pages={351--357},
  year={1983},
  publisher={INFORMS}
}

@article{dash2012time,
  title={A time bucket formulation for the traveling salesman problem with time windows},
  author={Dash, S. and G{\"u}nl{\"u}k, O. and Lodi, A. and Tramontani, A.},
  journal={INFORMS Journal on Computing},
  volume={24},
  number={1},
  pages={132--147},
  year={2012},
  publisher={INFORMS}
}
	
@article{jans2013efficient,
  title={Efficient symmetry breaking formulations for the job grouping problem},
  author={R. Jans and J. Desrosiers},
  journal={Computers \& Operations Research},
  volume={40},
  number={4},
  pages={1132--1142},
  year={2013},
  publisher={Elsevier}
}
@article{zhang2018line,
  title={On-line scheduling of order picking and delivery with multiple zones and limited vehicle capacity},
  author={J. Zhang and X. Wang and K. Huang},
  journal={Omega},
  volume={79},
  pages={104--115},
  year={2018},
  publisher={Elsevier}
}

@article{hernandez2018heuristic,
  title={Heuristic algorithm for the Split-Demand One-Commodity Pickup-and-Delivery Travelling Salesman Problem},
  author={H. Hern{\'a}ndez-P{\'e}rez and J.J. Salazar-Gonz{\'a}lez and B. Santos-Hern{\'a}ndez},
  journal={Computers \& Operations Research},
  volume={97},
  pages={1--17},
  year={2018},
  publisher={Elsevier}
}

@article{Coelho2012,
	Author = {L. C. Coelho and J.F. Cordeau and G. Laporte},
	Journal = {Transportation Research Part C: Emerging Technologies},
	Number = {1},
	Pages = {270-287},
	Title = {Consistency in Multi-Vehicle Inventory-Routing},
	Volume = {24},
	Year = {2012}}

@article{padberg1991branch,
  title={A branch-and-cut algorithm for the resolution of large-scale symmetric traveling salesman problems},
  author={M. Padberg and G. Rinaldi},
  journal={SIAM review},
  volume={33},
  number={1},
  pages={60--100},
  year={1991},
  publisher={SIAM}
}
	
@article{gouveia2015load,
  title={Load-dependent and precedence-based models for pickup and delivery problems},
  author={L. Gouveia and M. Ruthmair},
  journal={Computers \& Operations Research},
  volume={63},
  pages={56--71},
  year={2015},
  publisher={Elsevier}
}

@article{ruland1997pickup,
  title={The pickup and delivery problem: Faces and branch-and-cut algorithm},
  author={Ruland, K.S. and Rodin, E.Y.},
  journal={Computers \& mathematics with applications},
  volume={33},
  number={12},
  pages={1--13},
  year={1997},
  publisher={Elsevier}
}

@article{cordeau2003dial,
  title={The dial-a-ride problem (DARP): Variants, modeling issues and algorithms},
  author={ J.F. Cordeau and G. Laporte},
  journal={Quarterly Journal of the Belgian, French and Italian Operations Research Societies},
  volume={1},
  number={2},
  pages={89--101},
  year={2003},
  publisher={Springer}
}

@article{renaud2002perturbation,
  title={Perturbation heuristics for the pickup and delivery traveling salesman problem},
  author={J. Renaud and F.F. Boctor and G. Laporte},
  journal={Computers \& Operations Research},
  volume={29},
  number={9},
  pages={1129--1141},
  year={2002},
  publisher={Elsevier}
}

@article{kalantari1985algorithm,
  title={An algorithm for the traveling salesman problem with pickup and delivery customers},
  author={B. Kalantari and A.V. Hill and S.R. Arora},
  journal={European Journal of Operational Research},
  volume={22},
  number={3},
  pages={377--386},
  year={1985},
  publisher={Elsevier}
}

@article{renaud2000heuristic,
  title={A heuristic for the pickup and delivery traveling salesman problem},
  author={J. Renaud and F.F. Boctor and J. Ouenniche},
  journal={Computers \& Operations Research},
  volume={27},
  number={9},
  pages={905--916},
  year={2000},
  publisher={Elsevier}
}

@article{prive2006solving,
  title={Solving a vehicle-routing problem arising in soft-drink distribution},
  author={J. Priv{\'e} and J. Renaud and F. Boctor and G. Laporte},
  journal={Journal of the Operational Research Society},
  volume={57},
  number={9},
  pages={1045--1052},
  year={2006},
  publisher={Taylor \& Francis}
}

@article{berbeglia2007static,
  title={Static pickup and delivery problems: a classification scheme and survey},
  author={G. Berbeglia and J.F. Cordeau and I. Gribkovskaia and G. Laporte},
  journal={Top},
  volume={15},
  number={1},
  pages={1--31},
  year={2007},
  publisher={Springer}
}

@article{letchford2016stronger,
  title={Stronger multi-commodity flow formulations of the (capacitated) sequential ordering problem},
  author={A.N. Letchford and J.J. Salazar-Gonz{\'a}lez},
  journal={European Journal of Operational Research},
  volume={251},
  number={1},
  pages={74--84},
  year={2016},
  publisher={Elsevier}
}

@article{tilk2017asymmetry,
  title={Asymmetry matters: Dynamic half-way points in bidirectional labeling for solving shortest path problems with resource constraints faster},
  author={C. Tilk and A.K. Rothenb{\"a}cher and T. Gschwind and S. Irnich},
  journal={European Journal of Operational Research},
  volume={261},
  number={2},
  pages={530--539},
  year={2017},
  publisher={Elsevier}
}

@article{pecin2017improved,
  title={Improved branch-cut-and-price for capacitated vehicle routing},
  author={D. Pecin and A. Pessoa and M. Poggi and E. Uchoa},
  journal={Mathematical Programming Computation},
  volume={9},
  number={1},
  pages={61--100},
  year={2017},
  publisher={Springer}
}


@article{gschwind2018bidirectional,
  title={Bidirectional labeling in column-generation algorithms for pickup-and-delivery problems},
  author={T. Gschwind and S. Irnich and A.K. Rothenb{\"a}cher and C. Tilk},
  journal={European Journal of Operational Research},
  volume={266},
  number={2},
  pages={521--530},
  year={2018},
  publisher={Elsevier}
}

@article{li2003metaheuristic,
  title={A metaheuristic for the pickup and delivery problem with time windows},
  author={H. Li and A. Lim},
  journal={International Journal on Artificial Intelligence Tools},
  volume={12},
  number={02},
  pages={173--186},
  year={2003},
  publisher={World Scientific}
}

@article{gribkovskaia2006tabu,
  title={A tabu search heuristic for a routing problem arising in the servicing of oil and gas offshore platforms},
  author={I. Gribkovskaia and G. Laporte and A. Shlopak },
  journal={Journal of the Operational Research Society},
  year={2006}
}
@article{anily1992swapping,
  title={The swapping problem},
  author={S. Anily and R. Hassin},
  journal={Networks},
  volume={22},
  number={4},
  pages={419--433},
  year={1992},
  publisher={Wiley Online Library}
}

@article{hernandez2004branch,
  title={A branch-and-cut algorithm for a traveling salesman problem with pickup and delivery},
  author={H. Hern{\'a}ndez-P{\'e}rez and J.J. Salazar-Gonz{\'a}lez},
  journal={Discrete Applied Mathematics},
  volume={145},
  number={1},
  pages={126--139},
  year={2004},
  publisher={Elsevier}
}

@incollection{hernandez2003one,
  title={The one-commodity pickup-and-delivery travelling salesman problem},
  author={H. Hern{\'a}ndez-P{\'e}rez and J.J. Salazar-Gonz{\'a}lez},
  booktitle={Combinatorial Optimizationâ€”Eureka, You Shrink!},
  pages={89--104},
  year={2003},
  publisher={Springer}
}

@incollection{beullens2004collection,
  title={Collection and vehicle routing issues in reverse logistics},
  author={P. Beullens and D. Van Oudheusden and L.N Van Wassenhove},
  booktitle={Reverse Logistics},
  pages={95--134},
  year={2004},
  publisher={Springer}
}

@article{fu1998expected,
  title={Expected shortest paths in dynamic and stochastic traffic networks},
  author={L. Fu and L.R. Rilett },
  journal={Transportation Research Part B: Methodological},
  volume={32},
  number={7},
  pages={499--516},
  year={1998},
  publisher={Elsevier}
}

@article{powell1995stochastic,
  title={Stochastic and dynamic networks and routing},
  author={W.B. Powell and P. Jaillet and A. Odoni},
  journal={Handbooks in operations research and management science},
  volume={8},
  pages={141--295},
  year={1995},
  publisher={Elsevier}
}

@article{mitrovic2004waiting,
  title={Waiting strategies for the dynamic pickup and delivery problem with time windows},
  author={M. Mitrovi{\'c}, A. Sne{\v{z}} and G. Laporte},
  journal={Transportation Research Part B: Methodological},
  volume={38},
  number={7},
  pages={635--655},
  year={2004},
  publisher={Elsevier}
}

@article{gendreau2006neighborhood,
  title={Neighborhood search heuristics for a dynamic vehicle dispatching problem with pick-ups and deliveries},
  author={M. Gendreau and F. Guertin and J-Y. Potvin and R. S{\'e}guin},
  journal={Transportation Research Part C: Emerging Technologies},
  volume={14},
  number={3},
  pages={157--174},
  year={2006},
  publisher={Elsevier}
}

@article{Desaulniers2001vrppd,
  title={VRP with pickup and delivery},
  author={G. Desaulniers and J. Desrosiers and A. Erdmann and M. Solomon and F. Soumis},
  journal={Siam},
  pages={225--242},
  year={2001},
}

@incollection{hirsch2013minimizing,
  title={Minimizing empty truck loads in round timber transport with tabu search strategies},
  author={P. Hirsch},
  booktitle={Management Innovations for Intelligent Supply Chains},
  pages={97--122},
  year={2013},
  publisher={IGI Global}
}

Desaulniers, G. , Desrosiers, J. , Erdmann, A. , Solomon, M. , Soumis, F. , 2001. VRP with pickup and delivery. In: Toth, P., Vigo, D. (Eds.), The vehicle routing problem. Siam, pp. 225â€“242 .

@book{desaulniers2000vrp,
  title={The VRP with pickup and delivery},
  author={G. Desaulniers and J. Desrosiers and Andreas Erdmann and M.M. Solomon and F. Soumis},
  year={2000},
  publisher={Montr{\'e}al: Groupe d'{\'e}tudes et de recherche en analyse des d{\'e}cisions}
}


@article{pillac2013review,
  title={A review of dynamic vehicle routing problems},
  author={V. Pillac and M. Gendreau and C. Gu{\'e}ret and A. Medaglia},
  journal={European Journal of Operational Research},
  volume={225},
  number={1},
  pages={1--11},
  year={2013},
  publisher={Elsevier}
}

@article{lu2004exact,
  title={An exact algorithm for the multiple vehicle pickup and delivery problem},
  author={Q. Lu and M. Dessouky},
  journal={Transportation Science},
  volume={38},
  number={4},
  pages={503--514},
  year={2004},
  publisher={INFORMS}
}

@incollection{Desaulniers2014,
author = {G. Desaulniers and O. B. G. Madsen and S. Ropke},
title = {The Vehicle Routing Problem with Time Windows},
pages = {119-159},
  booktitle={Vehicle Routing: Problems, Methods, and Applications},
  editor = {Toth, P. and Vigo, D.},
  volume={18},
  publisher = {MOS-SIAM Series on Optimization},
  series = {Monographs on Discrete Mathematics and Applications},
  address = {Philadelphia},
  year={2014}}

@article{cordeau2006branch,
  title={A branch-and-cut algorithm for the dial-a-ride problem},
  author={Cordeau, J.F.},
  journal={Operations Research},
  volume={54},
  number={3},
  pages={573--586},
  year={2006},
  publisher={INFORMS}
}




@techreport{ostermeier2020integrated,
  title={Integrated zone picking and delivery operations in grocery retail},
  author={Ostermeier, M. and Kuhn, H. and Holzapfel, A. and Schubert, D.},
  year={2020},
  institution={Working paper, Catholic University of Eichstaett-Ingolstadt, Chair of Supply~â€¦}
}

@article{schubert2018integrated,
  title={Integrated order picking and vehicle routing with due dates},
  author={Schubert, D. and Scholz, A. and W{\"a}scher, G.},
  journal={OR Spectrum},
  volume={40},
  number={4},
  pages={1109--1139},
  year={2018},
  publisher={Springer}
}


@article{moons2018integration,
  title={Integration of order picking and vehicle routing in a B2C e-commerce context},
  author={Moons, S. and Ramaekers, K. and Caris, A and Arda, Y.},
  journal={Flexible Services and Manufacturing Journal},
  volume={30},
  number={4},
  pages={813--843},
  year={2018},
  publisher={Springer}
}

@article{ramaekers2018using,
  title={Using an integrated order picking-vehicle routing problem to study the impact of delivery time windows in e-commerce},
  author={Ramaekers, K. and Caris, A. and Moons, S. and van Gils, T.},
  journal={European Transport Research Review},
  volume={10},
  number={2},
  pages={56},
  year={2018},
  publisher={Springer}
}


@article{moons2019value,
  title={The value of integrating order picking and vehicle routing decisions in a B2C e-commerce environment},
  author={Moons, S. and Braekers, K. and Ramaekers, K. and Caris, A. and Arda, Y.},
  journal={International Journal of Production Research},
  volume={57},
  number={20},
  pages={6405--6423},
  year={2019},
  publisher={Taylor \& Francis}
}

@article{schubert2020same,
  title={Same-day deliveries in omnichannel retail: Integrated order picking and vehicle routing with vehicle-site dependencies},
  author={Schubert, D. and Kuhn, H. and Holzapfel, A.},
  journal={Naval Research Logistics (NRL)},
  year={2020},
  publisher={Wiley Online Library}
}

@article{kuhn2020integrated,
  title={Integrated Order Batching and Vehicle Routing Operations in Grocery Retail--A General Adaptive Large Neighborhood Search Algorithm},
  author={Kuhn, H. and Schubert, D. and Holzapfel, A.},
  journal={European Journal of Operational Research},
  year={2020},
  publisher={Elsevier}
}


@article{schubert2020integrated,
  title={Integrated order picking and vehicle routing operations--Literature review and further research opportunities},
  author={Schubert, D.},
  journal={Available at SSRN 3631748},
  year={2020}
}


@article{schmid2013rich,
  title={Rich routing problems arising in supply chain management},
  author={Schmid, Verena and Doerner, Karl F and Laporte, Gilbert},
  journal={European Journal of Operational Research},
  volume={224},
  number={3},
  pages={435--448},
  year={2013},
  publisher={Elsevier}
}